2430 3371
1223 295 1285 339 60

318 417 459 460 Sancti
475 416 588 459 Petri
602 415 759 473 incepit
775 415 880 456 riota
894 413 1076 471 Urgaliae
1094 430 1167 471 per
1183 414 1414 456 Robertum
1429 415 1688 457 Verdonum.
1726 415 1980 458 Interficitur
1996 415 2186 458 Donatus

317 489 356 530 O
379 490 533 530 Brcch
555 504 627 545 per
647 487 817 528 insidias
839 503 861 528 a
882 486 965 527 suis
986 486 1029 526 in
1053 485 1346 527 Tothomonia.

410 576 453 616 ¹3
468 575 527 602 12.
561 560 708 601 Petrus
731 558 942 600 Gavcston
964 566 1107 613 captus
1130 557 1242 613 apud
1264 557 1512 614 Dodington
1534 574 1557 599 a
1583 558 1735 599 comite
1757 558 1984 601 Warwieiw
2006 558 2183 600 decolla-

316 641 382 673 tus
413 631 585 673 consilio
616 630 816 672 comitum
838 639 880 671 et
905 630 1109 671 baronum
1149 644 1209 685 13.
1240 629 1333 670 Kal.
1355 629 1381 670 J
1387 628 1473 669 ulii.
1535 629 1759 670 Exercitus
1781 630 1928 671 ductus
1950 647 1972 672 a
1991 631 2019 672 «J
2023 629 2185 672 ohanne

318 703 471 760 Vogan
494 702 521 743 J
525 702 640 743 115110.
664 701 859 743 adversus
882 701 1111 741 Robertum
1134 699 1320 749 verdon,
1344 699 1490 741 misere
1512 700 1724 741 confectus
1745 702 1791 742 60
1812 699 1905 742 idus
1923 701 1950 742 J
1953 701 2040 751 ulii,
2060 701 2185 742 inter-

1763 771 1969 813 Robertus
1990 772 2187 814 Verdonx

317 861 412 886 cum
445 844 586 886 multis
608 859 775 885 suorum
807 859 847 884 se
877 842 1083 884 dederunt
1110 841 1154 882 in
1183 841 1507 883 misericordiam
1536 841 1645 898 regis
1668 841 1874 883 Dublinii.

318 774 433 815 fectis
454 773 629 815 Nicolao
650 771 860 821 Aveneill,
886 771 1065 813 Patricio
1093 771 1144 812 de
1167 771 1300 827 Rupe,
1319 787 1415 813 cum
1437 770 1577 812 multis
1599 770 1700 812 aliis.

1936 843 2186 884 Edmundus

319 915 490 958 Buteler
510 915 647 957 locum
669 923 813 956 tenens
834 914 861 955 J
865 913 1039 955 ohannis
1061 913 1215 969 Vogan
1245 913 1407 954 obsedit
1429 912 1467 954 O
1490 912 1656 953 Brinios
1677 912 1720 953 in
1744 912 1978 954 Glindelori
1999 914 2186 970 compul-

318 988 452 1043 sitque
481 987 533 1029 ad
565 986 808 1028 deditiones.
862 985 1063 1026 Moricius
1093 984 1186 1025 Fitz
1217 984 1392 1025 Thomae
1425 983 1551 1025 duxit
1575 984 1843 1026 Catherinam
1873 984 2001 1026 filiam
2024 985 2186 1027 comitis

1976 1057 2004 1098 J
2007 1057 2189 1098 ohannes

320 1132 412 1172 Fitz
436 1131 611 1172 Thomae
633 1128 812 1185 equestri
836 1127 980 1170 ordine
1003 1128 1215 1169 decoravit
1231 1127 1412 1169 Nectum
1435 1127 1505 1168 fitz
1529 1127 1719 1169 Mauritii
1741 1136 1783 1169 et
1803 1127 2034 1169 Robertum
2058 1128 2186 1170 Glen-

322 1059 502 1101 Ultoniae
521 1059 572 1101 ad
586 1067 765 1100 castrum
781 1057 927 1106 viride,
944 1056 1066 1098 aliam
1083 1056 1255 1111 ejusque
1273 1055 1401 1098 filiam
1421 1055 1605 1097 Thomas
1620 1055 1712 1096 Fitz
1729 1056 1757 1097 J
1761 1055 1916 1097 oannis.

319 1202 411 1244 huly
425 1202 537 1259 apud
553 1202 711 1243 Adarez
728 1201 772 1241 in
787 1199 1014 1241 Momonia.

319 1362 446 1402 copus
478 1344 703 1393 Dubliniae,
736 1343 983 1385 Alexander
1015 1342 1198 1399 Bigenor
1229 1341 1266 1383 01
1299 1341 1504 1383 5116005511.

322 1417 491 1459 Ricardi
514 1417 565 1459 de
589 1415 799 1458 Oxoniisb.

321 1489 527 1546 Doncgan
559 1488 597 1529 O
621 1488 659 1528 T
663 1486 786 1528 owill.

322 1561 508 1616 (isalway.

320 1635 424 1673 sesto
449 1630 682 1673 Michaelis.

405 1720 448 1760 13
462 1720 522 1756 14.
550 1701 823 1759 Hospitalarii
843 1709 1089 1758 receperunt
1110 1709 1237 1742 terras
1260 1700 1595 1757 Templariorum
1614 1700 1657 1741 in
1678 1699 1895 1741 Hibernia.

321 1874 380 1908 the
399 1873 513 1919 king's
532 1873 672 1913 11061156,
698 1884 768 1906 was
795 1872 947 1905 ordered
973 1883 993 1905 a
1018 1870 1226 1904 reasonable

322 1936 441 1968 ‹lower
468 1934 560 1968 from
588 1934 652 1968 her
675 1934 866 1967 husband's
890 1933 1143 1966 lands.—Rot.
1170 1932 1223 1965 Cl.

321 2001 342 2030 5
366 1997 431 2030 Ed.
457 1996 505 2030 ΙΙ.
527 1999 583 2030 49.

370 2059 556 2092 *Donatus
573 2056 832 2091 OBrene.-In
856 2058 943 2089 1:310
962 2055 1021 2089 the
1040 2054 1223 2099 following·

324 2119 404 2153 writ
419 2131 490 2152 was
502 2118 631 2152 issued.
670 2123 693 2139 “
710 2118 787 2151 Rex
805 2117 996 2151 Edmundo
1009 2116 1041 2149 le
1060 2115 1224 2154 Botiller,

323 2180 475 2213 johanni
493 2180 566 2213 filio
589 2179 747 2217 Tbomae,
778 2177 953 2212 Mauricio
973 2177 1015 2210 de
1036 2176 1226 2222 Rupeforti

324 2249 357 2275 et
391 2242 549 2275 Roberto
582 2241 709 2285 Bagot,
739 2239 867 2273 recitat
896 2250 1064 2284 guerram
1094 2243 1227 2271 motam

324 2315 398 2336 6556
412 2303 446 2336 in
458 2302 619 2348 partibus
635 2300 855 2335 Totenioniae
868 2300 961 2334 inter
976 2299 1171 2333 Ricardum
1184 2299 1227 2332 de

329 2364 433 2397 (Jlare
451 2369 487 2397 et
507 2364 689 2397 Donatum
712 2363 834 2396 Obren
852 2361 911 2407 qui
933 2373 968 2394 se
994 2361 1080 2394 dicit
1098 2360 1226 2405 princi-

324 2437 403 2470 pem
420 2425 697 2459 Hibernieorum
715 2422 949 2462 Totemoniae,
965 2422 1122 2466 assignat
1133 2421 1226 2466 ipsos

325 2487 370 2519 ad
396 2485 625 2519 inhibendum
653 2484 757 2519 dictis
785 2484 940 2518 Ricardo
967 2489 1001 2516 et
1031 2483 1173 2516 Donato
1192 2489 1227 2516 et

326 2548 397 2581 51115
431 2558 474 2580 ne.
508 2558 677 2592 guerram
712 2545 809 2578 illam
843 2544 1054 2578 continuare
1096 2556 1226 2589 praesu-

326 2607 574 2641 mant.-Rot.
598 2607 676 2640 Pat-
697 2609 718 2639 3
739 2607 768 2640 &
787 2610 807 2639 4
829 2606 896 2639 Ed.
922 2606 970 2639 ΙΙ.
991 2608 1048 2639 84.

377 2669 394 2681 “’
416 2669 549 2702 Comite
579 2667 994 2705 W12·w‹ici.-Gavaston,
1015 2665 1093 2699 who
1105 2665 1174 2698 had
1186 2677 1229 2698 an

326 2730 491 2775 unhappy
504 2729 617 2762 talent.
629 2728 683 2761 for
697 2728 818 2773 giving
831 2727 1047 2767 nicknanies,
1062 2727 1106 2772 by
1116 2726 1229 2759 which

327 2792 370 2824 he
388 2790 533 2824 amused
551 2789 610 2823 the
627 2789 714 2833 king
731 2789 800 2822 and
817 2788 981 2822 offended
999 2789 1058 2822 the
1079 2787 1230 2832 English

328 2852 460 2891 nobles,
488 2851 557 2885 had
583 2850 696 2884 called
716 2850 784 2884 this
811 2849 899 2883 dark
917 2849 987 2883 and
1013 2854 1111 2883 stern
1141 2848 1227 2887 earl,

1077 1199 1326 1241 Invaserunt
1342 1198 1525 1255 piraticae
1544 1199 1734 1254 quaedam
1751 1215 1876 1240 naves
1894 1199 2067 1240 Robcrti
2081 1199 2188 1240 Brus

320 1275 361 1315 U
365 1274 536 1315 ltoniam
559 1289 650 1329 qua}
682 1273 733 1314 ab
754 1271 900 1313 incolis
931 1270 1093 1327 repulse
1124 1279 1231 1311 sunt.

1294 1269 1475 1311 Moritur
1495 1270 1523 1311 J
1526 1270 1709 1311 ohannes
1731 1269 1921 1319 Leekesa,
1944 1269 2187 1326 Archiepis-

1567 1341 1674 1382 Milo
1697 1341 1872 1382 Vcrdon
1904 1341 2030 1382 duxit
2059 1341 2188 1383 filiam

862 1415 1068 1456 Robertus
1092 1414 1197 1454 Erus
1220 1413 1349 1455 diruit
1370 1423 1548 1455 castrum
1572 1413 1622 1454 de
1646 1413 1832 1462 111-«1111160,
1864 1413 1999 1469 capite
2021 1413 2190 1470 punivit

848 1486 1061 1528 Johannes
1093 1485 1143 1526 de
1176 1486 1331 1542 Burgo,
1364 1485 1481 1526 heres
1512 1484 1675 1526 comitis
1708 1484 1903 1533 Ultroniae,
1942 1484 2047 1526 obiit
2078 1485 2189 1542 apud

578 1558 828 1600 Edmundus
860 1558 1032 1599 Butclcr
1064 1573 1116 1613 30
1145 1556 1255 1598 viros
1286 1556 1467 1612 equestri
1499 1556 1643 1597 ordine
1676 1556 1888 1598 decoravit-
1923 1556 2118 1598 Dublinii
2145 1556 2190 1598 in

1957 1700 1983 1741 J
1988 1699 2189 1742 ohannesd

2073 1771 2190 1813 Paris

1288 1876 1310 1891 “
1328 1870 1406 1904 The
1418 1871 1528 1904 Black
1541 1871 1623 1916 Dog
1631 1870 1673 1904 of
1682 1870 1866 1903 Ardennes
1878 1870 1910 1911 ;”
1919 1870 1962 1903 116
1974 1881 2053 1903 now
2065 1869 2188 1909 found,

1287 1946 1364 1979 says
1384 1933 1646 1978 Walsingham,
1665 1933 1745 1966 that
1762 1933 1822 1966 the
1842 1933 1913 1978 dog
1930 1933 2037 1966 could
2054 1933 2138 1966 bite.

1334 1994 1528 2028 '‘Robertus
1543 1993 1811 2028 Verrlon.-His
1826 1993 2083 2039 surrendering
2097 1994 2187 2027 him-

1283 2054 1354 2088 self
1366 2067 1387 2088 a
1403 2055 1577 2101 prisoner,
1593 2055 1725 2087 61016νὶ
1740 2054 1848 2099 Regis
1863 2055 2050 2094 Dublinioe,
2064 2055 2185 2088 Pemb.

1285 2128 1396 2150 seems
1422 2128 1466 2150 an
1484 2116 1555 2150 odd
1576 2115 1689 2149 result
1707 2115 1748 2148 of
1761 2115 1815 2149 his
1832 2121 1936 2161 great
1953 2115 2090 2162 victory
2104 2128 2188 2150 over

1285 2177 1345 2211 the
1360 2177 1565 2223 Justiciary.
1622 2176 1781 2222 Perhaps
1808 2176 1868 2210 the
1886 2181 1960 2210 text
1979 2177 2007 2210 is
2025 2182 2184 2223 corrupt.

1290 2238 1508 2284 Pembridge.
1526 2238 1610 2271 does
1628 2242 1691 2271 not
1705 2237 1846 2282 explain
1864 2237 1925 2271 the
1943 2237 2126 2283 difficulty.

1336 2301 1349 2321 y
1367 2299 1628 2333 Glenlml.--de
1646 2298 2004 2332 Clonhull.-Pemb.
2050 2299 2106 2332 He
2118 2310 2188 2332 was

1285 2360 1456 2406 probably
1474 2360 1611 2393 Robert
1628 2359 1671 2393 de
1687 2359 1860 2398 Clahulle,
1882 2359 2085 2393 mentioned
2102 2359 2185 2393 Rot.

1290 2421 1345 2455 Cl.
1372 2424 1393 2454 5
1423 2421 1491 2454 Ed.
1517 2421 1565 2454 11.
1587 2424 1643 2459 38,
1672 2420 1731 2453 the
1759 2420 1975 2454 descendant
2000 2419 2041 2453 of
2061 2432 2127 2454 one
2153 2422 2194 2454 of

1289 2481 1530 2527 Strongbow's
1544 2482 1685 2520 bar0nS‚
1698 2481 1792 2514 John
1807 2482 1849 2514 de
1860 2481 2013 2521 Clahull,
2028 2486 2065 2515 to
2074 2481 2188 2515 whom

1288 2543 1332 2577 he
1349 2555 1450 2588 gave,

1527 2627 1573 2632 --
1590 2603 1624 2636 la
1636 2603 1861 2636 marchausie

1435 2665 1489 2698 De
1511 2664 1726 2709 Leynestere
1746 2664 1779 2697 la
1795 2663 1919 2709 garnie

1436 2725 1492 2758 (111
1511 2731 1568 2759 tut
1585 2725 1619 2759 la
1636 2730 1723 2764 tere,
1743 2725 1868 2759 sachez
1887 2725 1929 2758 de
1947 2725 2006 2763 fin,

1437 2787 1549 2821 Entre
1571 2787 1670 2832 Eboy
1689 2798 1707 2819 e
1730 2786 1900 2831 Lethelyn
1918 2799 1926 2825 ;

1673 2847 1780 2893 Conq.
1803 2846 2014 2892 oj'IreZand,
2037 2846 2057 2879 l.
2074 2850 2176 2881 3100.
