2430 3371
1195 310 1286 358 172

314 419 463 455 toribus
473 417 511 469 P]
533 419 605 454 sub
625 431 689 467 spe
707 417 929 466 hujusmodi
948 418 1142 455 facilitatis
1161 420 1269 456 venie
1288 419 1535 468 delinquendi
1554 420 1748 457 audaciam
1769 421 2020 465 sumentibus,
2043 420 2164 458 homi-

313 485 419 527 cidia,
437 484 734 533 depredacioncs,
753 484 925 521 incendia
937 491 975 521 et
990 485 1079 521 alias
1095 485 1250 522 felonias
1269 486 1592 535 perpetrantibus,
1610 494 1807 524 cessarunt
1818 488 1858 524 in
1870 488 2061 537 plerisque
2076 487 2168 524 locis

314 551 561 600 agriculture,
583 556 621 587 et
640 551 871 587 mercandise
891 551 979 600 plus
999 552 1109 588 solito
1129 552 1366 594 deciderunt,
1389 552 1441 589 sic
1460 552 1541 601 ipsa
1560 558 1663 588 terra
1681 566 1748 602 per
1766 554 1906 591 selones
1926 554 2109 603 Anglicos
2129 559 2168 590 et

315 617 553 660 Hibernicos,
575 617 642 665 qui
662 618 733 653 sub
754 630 818 666 spe
837 617 1061 666 hujusmodi
1080 619 1199 662 venie,
1222 632 1264 655 ac
1283 619 1400 655 eciam
1415 631 1484 667 pro
1504 631 1546 655 eo
1566 619 1668 667 quod
1689 618 1817 656 fideles
1838 619 2062 668 hujusmodi
2076 619 2167 656 felo-

314 696 378 719 nes
398 683 592 727 indictare,
623 696 691 720 nec
711 683 757 719 de
776 683 827 719 eis
847 683 887 719 in
902 684 1050 732 judicio
1069 698 1204 721 verum
1225 685 1349 721 dicere
1369 698 1445 720 non
1464 684 1619 729 audent,
1650 698 1696 721 ne
1715 698 1784 734 pro
1804 698 1872 722 suo
1890 686 2081 723 veredicto
2101 698 2169 735 per

314 748 462 785 eosdem
481 749 631 792 felones,
652 762 722 798 pro
740 748 962 797 hujusmodi
977 750 1239 800 redempcione
1254 751 1436 793 dimissos,
1454 751 1677 787 occidantur
1692 763 1758 787 seu
1773 751 2034 797 destruantur,
2048 752 2170 788 homi-

313 813 420 856 cidia,
442 814 626 856 incendia,
657 814 857 851 latrocinia
875 820 913 850 et
933 814 1221 863 depredaciones
1248 816 1489 852 committere
1508 829 1583 852 non
1602 817 1846 861 verebantur,
1876 831 1945 854 nec
1963 818 2088 854 adhuc
2107 831 2170 855 ve-

314 886 460 923 rentur,
481 880 520 915 in
541 880 768 916 immensum
788 886 844 917 est
864 881 1069 925 destructa,
1092 882 1346 931 populusque,
1369 883 1441 918 sub
1461 895 1550 931 pace
1563 888 1601 919 et
1616 883 1697 931 lege
1716 882 1847 920 nostra
1858 884 1987 920 vivere
1998 885 2167 933 cupiens,

312 946 402 989 loca,
424 947 463 982 in
483 947 625 995 quibus
644 947 784 983 morari
804 947 957 991 solebat,
989 961 1184 991 evacuans,
1216 962 1258 985 ea
1276 949 1466 985 felonibus
1484 949 1709 997 hujusmodi
1727 950 1826 986 mala
1843 951 2167 1000 perpetrantibus,

313 1018 359 1048 ut
378 1019 435 1049 est
454 1012 612 1056 dictum,
634 1013 802 1061 reliquit,
833 1027 900 1062 per
920 1014 1022 1062 quod
1041 1015 1196 1052 ecclesia
1215 1021 1353 1059 sancta,
1389 1028 1464 1064 que
1483 1015 1683 1052 observata
1701 1029 1792 1065 pace
1819 1022 1858 1053 et
1884 1017 1967 1066 lege
1985 1017 2167 1066 predicta,

315 1092 402 1115 suos
417 1079 558 1116 limites
572 1080 683 1129 longe
697 1080 849 1129 lateque
861 1080 1078 1126 diffuderat,
1097 1088 1254 1131 rogante
1266 1081 1439 1133 [vigente
1448 1081 1487 1134 P]
1498 1082 1722 1132 hujusmodi
1733 1083 1882 1120 malicia
1896 1083 2004 1132 quasi
2015 1084 2170 1132 penitus

313 1152 370 1181 est
396 1146 610 1191 destructa,
637 1146 812 1183 ordinare
831 1148 1025 1192 vellemus,
1055 1149 1155 1198 quod
1175 1149 1215 1185 in
1234 1149 1338 1186 terra
1356 1149 1529 1199 predicta
1548 1150 1721 1198 quolibet
1740 1163 1837 1187 anno
1857 1150 1970 1186 semel
1992 1156 2169 1187 teneatur

313 1212 619 1260 parliamentum,
641 1218 680 1250 et
699 1213 801 1262 quod
822 1214 852 1249 si
871 1227 940 1263 pro
968 1221 1091 1252 morte
1111 1216 1269 1265 Anglici
1287 1216 1333 1252 de
1353 1222 1477 1252 cetero
1506 1215 1663 1253 felonice
1683 1216 1886 1261 interfecti,
1916 1217 1975 1253 vel
1995 1217 2169 1254 incendio

312 1277 422 1323 facto,
444 1279 657 1328 redempcio
677 1292 743 1315 seu
763 1280 990 1328 pardonacio
1010 1281 1250 1330 supplicetur
1270 1295 1290 1318 a
1305 1282 1437 1330 justic’
1459 1288 1561 1319 terre
1579 1283 1695 1326 illius,
1718 1288 1813 1319 tunc
1831 1283 1912 1332 ipsa
1930 1296 2017 1327 non,
2039 1283 2113 1319 nisi
2127 1283 2167 1319 in

314 1344 570 1382 Parliamento
598 1351 637 1382 et
656 1345 701 1382 de
720 1359 905 1382 consensu
925 1348 1073 1383 consilii
1092 1354 1130 1384 et
1149 1347 1321 1384 fidelium
1340 1354 1560 1385 nostrorum
1579 1349 1732 1393 ibidem,
1763 1349 2012 1393 concedatur3
2041 1355 2079 1386 et
2098 1362 2168 1399 pro

313 1410 378 1447 illa
398 1411 659 1461 redempcione
679 1412 855 1449 adminus
883 1419 1039 1450 centum
1067 1414 1255 1450 librarum
1277 1413 1404 1464 [librae
1415 1414 1453 1466 Ρ]
1474 1429 1544 1465 pro
1572 1416 1771 1452 latrocinio
1790 1429 1880 1453 vero
1898 1416 1959 1453 vel
1987 1416 2167 1466 depreda-

313 1477 419 1513 cione
446 1477 586 1513 valoris
607 1475 815 1528 [valorem]
837 1478 1014 1514 undecim
1043 1476 1263 1527 [duodecim
1279 1477 1318 1529 P]
1346 1479 1589 1515 denariorum
1609 1486 1647 1516 et
1669 1480 1770 1516 oboli
1790 1481 1982 1530 attingens
2001 1481 2062 1517 vel
2087 1494 2168 1518 eam

313 1544 497 1580 excedens
518 1541 751 1594 [attingente
770 1543 831 1580 vel
850 1557 937 1580 eum
957 1544 1163 1580 excedente
1173 1542 1212 1595 ?]
1229 1543 1275 1580 de
1294 1549 1418 1580 cetero
1438 1544 1677 1593 perpetratis,
1699 1544 1746 1580 ad
1765 1557 1860 1593 opus
1879 1551 2055 1581 nostrum
2075 1558 2167 1594 qua-

314 1610 499 1660 druplum
519 1611 702 1660 capiatur,
725 1616 763 1647 et
783 1611 884 1659 quod
904 1611 1127 1659 hujusmodi
1147 1611 1288 1647 selones
1308 1625 1329 1647 a
1347 1610 1455 1660 gaola
1474 1624 1549 1648 non
1569 1611 1842 1655 deliberentur,
1873 1611 1990 1648 donec
2009 1611 2170 1660 pecunia

314 1677 483 1725 predicta
501 1677 541 1713 in
561 1677 744 1713 scaccario
764 1684 894 1713 nostro
913 1678 1032 1714 fuerit
1052 1678 1255 1726 persoluta.

393 1743 472 1780 Nos
492 1744 613 1792 igitur
633 1743 771 1780 Sancte
790 1744 958 1780 Ecclesie
977 1744 1247 1793 indempnitati
1267 1750 1306 1781 et
1324 1744 1459 1793 populi
1477 1744 1599 1780 nostri
1619 1750 1721 1781 terre
1740 1744 1910 1793 predicte
1922 1744 2117 1781 commodo
2129 1750 2168 1781 et

314 1810 435 1858 quieti
455 1811 494 1846 in
514 1809 584 1846 hac
603 1816 710 1859 parte
735 1810 852 1858 juxta
880 1810 1082 1846 consilium
1102 1811 1293 1847 Fidelium
1322 1817 1542 1847 nostrorum
1570 1811 1743 1859 parcium
1771 1810 1925 1846 illarum
1954 1811 2170 1860 prospicere

312 1877 490 1920 volentes,
512 1882 559 1913 ut
571 1882 758 1921 tenemur,
773 1877 880 1913 vobis
896 1877 1118 1913 mandamus
1134 1877 1237 1926 quod
1252 1877 1466 1914 convocatis
1482 1876 1802 1926 Archiepiscopis,
1824 1877 2020 1926 Episcopis
2034 1878 2165 1914 Abba-

313 1942 428 1986 tibus,
451 1942 661 1985 Prioribus,
685 1942 910 1985 Comitibus,
934 1942 1150 1978 Baronibus
1170 1947 1207 1978 et
1228 1942 1513 1978 Communitate
1531 1947 1633 1977 terre
1651 1941 1820 1990 predicte
1840 1954 1953 1990 quam
1972 1942 2048 1978 cito
2067 1955 2167 1978 com-

312 2010 420 2046 mode
435 2010 620 2058 poteritis,
634 2009 853 2058 habitisque
869 2022 983 2058 super
998 2009 1201 2058 premissis,
1223 2014 1261 2046 et
1274 2022 1405 2046 eorum
1419 2008 1590 2045 omnium
1602 2008 1757 2044 consilio
1770 2014 1807 2044 et
1819 2008 2061 2051 avisamento,
2078 2008 2109 2044 si
2121 2007 2168 2044 ad

312 2089 434 2112 unum
446 2075 741 2113 condescendere
752 2075 966 2120 voluerint3
986 2075 1047 2112 vel
1059 2075 1243 2124 requisito
1263 2089 1330 2124 per
1348 2076 1464 2112 breve
1483 2081 1659 2111 nostrum
1679 2075 1751 2111 sub
1772 2075 1907 2124 sigillo,
1925 2088 2000 2124 quo
2014 2075 2165 2111 utimur

312 2143 351 2179 in
378 2143 554 2192 partibus
574 2142 660 2187 illis,
691 2142 960 2179 discreciorum
988 2143 1223 2192 prelatorum
1252 2148 1290 2179 et
1314 2148 1537 2191 magnatum
1564 2147 1786 2178 nostrorum
1813 2141 1985 2191 parcium
2014 2141 2169 2177 illarum

312 2211 514 2260 separatim
534 2210 699 2253 consilio,
722 2210 753 2246 si
772 2223 820 2247 ex
839 2209 952 2247 causa
971 2209 1143 2259 legitima
1162 2211 1363 2247 convenire
1378 2223 1453 2246 non
1472 2215 1643 2259 possunt,
1666 2209 1909 2260 racionesque
1924 2208 2165 2257 singulorum

314 2278 538 2314 nominatim
556 2277 766 2321 inserendo,
797 2290 912 2326 super
931 2290 1007 2325 quo
1026 2277 1086 2314 vel
1106 2277 1249 2326 quibus
1268 2276 1437 2313 Viderint
1456 2282 1596 2313 terram
1616 2276 1826 2325 predictam
1846 2275 2004 2312 uberius
2023 2275 2166 2324 populo

314 2351 442 2381 nostro
461 2342 671 2392 tranquilla
689 2356 779 2392 pace
798 2343 1060 2392 multiplicari,
1091 2342 1295 2391 ipsumque
1313 2341 1500 2391 populum
1520 2340 1597 2389 qua
1624 2341 1706 2390 lege
1734 2346 1772 2377 et
1791 2340 2068 2377 consuetudine
2085 2340 2166 2376 fore

312 2411 579 2464 pertractand',
594 2423 642 2446 an
660 2410 837 2446 videlicet
856 2409 937 2458 lege
956 2408 1168 2458 prenotata,
1190 2409 1250 2445 vel
1270 2408 1435 2445 remedio
1455 2407 1674 2456 supradicto
1694 2407 1896 2444 statuendo
1915 2407 1961 2444 de
1980 2407 2164 2456 pardona-

313 2479 418 2514 cione
436 2477 605 2514 facienda
623 2477 663 2513 in
689 2476 959 2526 parliamento,
990 2476 1068 2512 Nos
1089 2475 1134 2512 de
1154 2489 1196 2512 eo
1216 2475 1317 2524 quod
1338 2475 1378 2511 in
1406 2474 1475 2511 hac
1504 2480 1611 2523 parte
1630 2487 1698 2523 per
1717 2487 1783 2511 vos
1809 2479 1848 2511 et
1867 2474 1988 2510 dictos
2016 2473 2164 2510 Fideles

311 2550 459 2580 nostros
479 2557 592 2592 super
610 2543 812 2592 premissis,
843 2548 889 2578 ut
908 2542 1125 2591 predictum
1145 2547 1212 2585 est,
1235 2541 1439 2590 contigerit
1458 2540 1615 2576 diffiniri
1635 2541 1714 2577 sine
1733 2540 1917 2577 dilacione
1935 2539 2064 2589 aliqua
2086 2552 2164 2576 cer-

312 2610 464 2647 tificetis
492 2611 564 2646 sub
584 2610 708 2659 sigillo
726 2615 856 2645 nostro
875 2609 1057 2658 predicto,
1088 2614 1134 2644 ut
1153 2608 1241 2644 inde
1260 2608 1465 2651 certiorati,
1487 2608 1652 2644 ulterius
1680 2608 1768 2644 inde
1787 2607 1832 2644 de
1851 2607 2006 2644 consilio
2034 2612 2165 2643 nostro

313 2677 442 2713 taliter
461 2676 690 2721 ordinemus,
713 2676 814 2725 quod
834 2689 881 2713 ex
894 2675 964 2712 hoc
984 2676 1099 2712 timor
1111 2675 1326 2712 incutiatur
1341 2675 1665 2724 delinquentibus,
1687 2688 1729 2711 ac
1741 2674 1907 2724 populus
1920 2679 2049 2710 noster
2064 2679 2166 2709 terre

313 2743 482 2791 predicte
496 2743 632 2779 melius
651 2742 774 2779 valeat
793 2742 1027 2791 prosperari3
1043 2742 1284 2778 remittentes
1304 2742 1413 2778 nobis
1431 2741 1501 2778 hoc
1514 2741 1738 2777 breve—T.
1756 2741 1799 2776 R.
1812 2740 1914 2789 apud
1926 2739 2071 2776 Lincol’
2084 2739 2161 2775 viii.

315 2809 374 2846 die
395 2809 578 2859 Augusti,
600 2822 657 2846 an.
677 2821 721 2846 10
734 2809 804 2846 Ed.
822 2809 871 2846 II.
891 2809 999 2858 1316.
1056 2809 1131 2845 Per
1150 2809 1373 2857 petitionem
1389 2808 1434 2845 de
1456 2808 1842 2858 Consilio.—Rymer,
1864 2806 1936 2843 vol.
1958 2806 1995 2842 ii.
2009 2819 2044 2855 p.
2061 2817 2146 2854 293.

2000 2870 2069 2907 No.
2092 2870 2160 2906 IV.
