2430 3371
1206 299 1262 343 82

306 426 400 466 sere.
466 425 630 481 Strages
647 438 799 479 magna
812 421 1097 463 Hibernorum
1112 420 1224 461 edita
1241 428 1301 461 est
1309 419 1436 474 juxta
1450 419 1657 460 desertum
1674 419 1900 468 Derlnitiia,
1916 419 1959 460 id
1973 427 2045 468 est,
2062 418 2175 459 Tris-

304 496 527 545 tildermot,
551 496 601 537 ab
619 493 846 535 Edmundo
864 492 1022 539 Butler,
1045 491 1191 532 itidem
1215 490 1305 539 alia,
1330 491 1380 531 ab
1403 490 1561 539 eodem,
1585 490 1767 531 militum
1790 490 1829 532 O
1847 490 2039 547 Morghe,
2063 489 2176 546 apud

306 567 564 609 Baolethanb.

304 639 611 693 conjunxerant
632 636 683 678 ad
702 635 869 684 Ledind,
892 644 1019 676 noctu
1036 634 1142 675 clam
1161 634 1211 675 de
1231 634 1375 675 Castro
1394 632 1606 688 Comunge
1627 633 1780 674 reversi
1802 644 1908 674 sunt.

304 710 398 751 nica
437 709 668 765 palmarum
706 715 911 748 venerunt
948 706 999 747 ad
1038 705 1193 747 Kenles
1225 705 1269 745 in
1305 703 1480 751 Osseria,
1525 703 1800 760 colligebatur
1832 720 1930 746 vero
1967 704 2177 746 exercitus

304 780 542 837 Anglorum
566 779 617 821 ad
636 777 853 819 Kilkenni.
905 777 932 818 J
935 778 1117 818 ubentur
1138 775 1404 818 Ultonienses
1426 774 1494 816 die
1511 774 1620 815 lunae
1643 790 1783 816 versus
1799 775 1937 816 hostes
1958 775 2176 831 proficisci,

1142 848 1249 889 Brus
1270 847 1368 888 inde
1384 845 1585 888 Casshellf
1603 862 1644 887 se
1659 846 1848 894 contulit,
1872 846 1968 888 dein
1990 846 2178 888 Nanathg

626 566 733 606 Brus
754 579 850 605 cuin
873 563 955 604 suis
978 562 1249 604 Limericum‘J
1271 577 1401 617 usque
1424 561 1636 617 pervenit3
1669 578 1763 603 cum
1788 572 1925 603 autem
1942 561 2077 618 Angli
2091 576 2176 602 sese

1971 633 2021 674 In
2043 632 2176 673 domi-

304 852 454 907 quibus
476 850 690 908 preficitur
711 865 848 891 coines
868 848 1079 890 Kildariae.

303 923 600 980 regionemque
623 930 751 962 totam
774 920 872 977 igne
890 919 1078 961 vastavit.

396 1009 515 1050 ¹3¹7·
550 993 631 1035 Die
653 992 784 1041 Jovis,
817 1008 920 1033 cena
946 990 1118 1038 domini,
1151 989 1393 1046 conssregati
1431 998 1527 1030 sunt
1560 988 1810 1030 Edmundus
1847 988 1994 1030 Butler
2026 988 2175 1031 Justic.

304 1066 489 1106 Thomas
520 1065 590 1105 fitz
621 1064 649 1105 J
653 1063 796 1105 oannis
827 1078 964 1104 comes
992 1061 1203 1110 Kildariae,
1238 1060 1441 1102 Ricardus
1474 1060 1607 1109 Clare,
1640 1059 1854 1101 Arnaldus
1876 1060 2035 1109 Power,
2068 1059 2177 1101 Baro

302 1137 352 1178 de
383 1136 600 1184 I)0nn0il¹¹‚
630 1134 854 1176 Mauritius
876 1134 927 1176 de
955 1149 1056 1189 rupe
1083 1131 1191 1180 forti,
1217 1131 1401 1173 Thomas
1428 1131 1498 1172 fitz
1528 1130 1730 1179 Mauritii,
1753 1129 1812 1172 les
1841 1130 2058 1172 Cauntons
2080 1147 2176 1172 cum

302 1208 396 1257 suis,
426 1224 521 1250 cum
544 1206 731 1249 exercitu
756 1205 1022 1248 Ultoniorum
1045 1203 1154 1245 circa
1179 1219 1345 1259 30,000.
1368 1203 1474 1244 bene
1497 1212 1760 1251 armatorum,
1784 1201 1892 1243 circa
1916 1201 2071 1250 Scotos,
2104 1203 2176 1243 ubi

302 1280 571 1321 versabantur
591 1287 721 1319 totam
747 1277 1043 1333 Septimanain,
1066 1291 1142 1316 nec
1166 1274 1388 1330 quicquam
1411 1283 1689 1315 tentaverunt.
1752 1272 1833 1314 Die
1854 1273 1881 1314 J
1885 1272 1972 1314 ovis
1995 1273 2177 1329 paschali

302 1350 504 1407 applicuit
534 1350 571 1391 le
600 1349 828 1390 Mortimeri
858 1347 968 1403 apud
992 1346 1177 1403 Yoghill,
1212 1346 1239 1387 J
1245 1345 1348 1387 ustic
1370 1346 1501 1387 iactus
1529 1362 1552 1386 a
1579 1361 1690 1402 rege,
1722 1344 2015 1400 festinavitque
2038 1361 2177 1386 versus

302 1422 533 1464 exercitum
558 1421 624 1463 die
642 1421 750 1461 lunae
773 1428 983 1474 sequente,
1002 1417 1271 1475 premisitque
1289 1417 1445 1459 litteras
1469 1417 1696 1458 Edmundo
1719 1416 1875 1464 Butler,
1899 1432 1950 1458 ne
1965 1415 2067 1472 quid
2088 1426 2177 1458 ten-

2071 1497 2178 1529 taret

349 1644 360 1659 ²¹
376 1638 561 1671 Desertam
573 1635 865 1670 Densum-Do
880 1640 941 1668 not
956 1634 1055 1667 these
1069 1633 1208 1667 various

301 1710 421 1732 names
439 1698 480 1732 of
493 1698 553 1732 the
564 1708 658 1730 same
670 1696 769 1742 place
781 1695 934 1729 indicate
946 1694 1024 1728 that
1038 1694 1136 1728 these
1150 1706 1208 1727 an-

299 1761 374 1794 nals
389 1772 480 1793 were
498 1759 673 1804 compiled
685 1758 778 1791 from
797 1757 962 1791 different
974 1756 1209 1790 authorities?

349 1822 361 1841 b
389 1821 599 1855 Bacletlzau..
622 1844 669 1849 —
686 1818 901 1852 Balilethan.
915 1842 961 1846 -
979 1817 1204 1862 Pembridge.

303 1880 818 1925 Balitcham.—Marleburgh.
851 1878 1208 1924 Balithan.—Stany-

301 1947 416 1980 burst.
466 1945 666 1991 Ballylinan
681 1944 717 1977 in
733 1944 886 1983 Queen's
907 1942 1074 1988 County?
1120 1941 1209 1975 This

300 2008 435 2053 victory
466 2007 535 2040 and
562 2006 622 2040 the
654 2004 848 2050 preceding
865 2004 1001 2048 victory
1031 2009 1068 2037 at
1089 2002 1208 2037 Castle

303 2069 455 2102 Derinot
480 2079 541 2101 are
570 2066 695 2112 placed
722 2065 766 2111 by
788 2064 1023 2109 Marleburgh
1041 2064 1111 2097 and
1133 2064 1207 2097 Cox

300 2130 335 2163 in
357 2132 457 2163 1316.

349 2191 360 2204 ⁸
392 2190 612 2224 Limera-um.
623 2213 669 2217 —
685 2187 849 2222 Barbour
884 2198 961 2231 says
991 2185 1070 2219 that
1108 2185 1205 2227 King

305 2252 444 2286 Robert
461 2251 529 2284 and
551 2249 707 2283 Edward
730 2249 860 2287 Bruce,

352 2312 485 2346 Throw
504 2311 551 2344 all
569 2310 629 2344 the
647 2309 730 2343 land
748 2309 864 2355 planly
884 2307 957 2342 thai
972 2307 1061 2343 raid,

349 2373 441 2407 Thai
458 2372 543 2406 fand
561 2383 651 2405 nane
669 2371 747 2404 that
760 2369 871 2404 thaim
890 2368 1054 2402 obstakill
1073 2367 1178 2406 maid,

351 2434 442 2467 Thai
460 2433 537 2466 raid
555 2444 652 2478 ewyn
671 2431 816 2465 forouth
837 2429 1074 2466 Droehindra,

352 2494 434 2528 And
452 2493 595 2527 forouth
617 2492 813 2537 Dewillyne
831 2503 914 2536 syne
932 2490 1049 2524 alsua:

352 2557 433 2589 Ann
451 2560 488 2588 to
505 2554 573 2599 giff
586 2553 707 2587 bataill
726 2564 816 2586 nane.
828 2551 902 2585 thai
923 2551 1018 2584 fand.

352 2616 443 2661 Syne
462 2620 555 2648 went
573 2614 646 2648 thai
666 2613 863 2647 southwart
880 2613 915 2645 in
933 2612 993 2645 the
1012 2611 1105 2650 land,

353 2677 435 2710 And
451 2676 555 2721 rycht
572 2681 608 2709 to
630 2675 809 2719 Kynerike
827 2674 909 2708 held
928 2673 1021 2707 their
1040 2684 1114 2717 way

351 2738 447 2771 That
464 2737 492 2771 is
510 2736 570 2771 the
584 2735 795 2770 southinaist
813 2741 907 2768 town
926 2734 1048 2780 perfay

351 2799 447 2832 That
465 2797 499 2831 in
522 2797 643 2831 Irland
661 2808 739 2841 may
758 2796 892 2841 fundyn
911 2796 965 2828 be.

924 2857 964 2890 B.
988 2855 1056 2889 xvi.
1079 2855 1100 2888 l.
1123 2857 1202 2889 259.

1272 1632 1468 1666 Pinkerton
1486 1632 1521 1665 in
1539 1644 1560 1665 a
1586 1637 1667 1665 note
1694 1643 1771 1677 says
1797 1631 1874 1665 that
1905 1644 2001 1666 some
2028 1631 2177 1666 editions

1268 1694 1354 1728 read
1376 1693 1530 1728 Limeric·
1547 1693 1602 1727 for
1626 1693 1818 1738 Kynerike.

1316 1757 1330 1777 ⁴¹
1350 1754 1840 1800 Ledin.—Ledyn.—Pemb.
1902 1754 2053 1788 Neither
2079 1754 2175 1788 Mar-

1268 1816 1432 1862 leburgh,
1451 1828 1517 1850 nor
1550 1815 1777 1861 Stanyhurst,
1804 1827 1870 1848 nor
1903 1815 1991 1854 Cox,
2019 1815 2176 1849 mention

1539 1877 1579 1910 In
1611 1877 1671 1910 the
1705 1876 1781 1910 Cal.
1818 1876 1901 1910 Rot.
1935 1876 1964 1910 it
1998 1876 2026 1910 is
2061 1876 2175 1910 called

1732 1937 1810 1971 The
1837 1937 2021 1983 following
2044 1937 2176 1972 entries

1268 1878 1339 1912 this
1372 1878 1482 1923 place.

1273 1939 1417 1973 Lodene
1441 1938 1510 1972 and
1539 1938 1674 1983 Lodyn.

1268 2012 1329 2033 are
1354 1999 1582 2044 interesting:
1613 2004 1633 2016 ‘⁴
1653 1999 1729 2032 Rex
1755 1998 1929 2032 concessit
1951 1998 2106 2032 Ricardo
2133 1999 2175 2032 de

1273 2061 1417 2106 Waleys
1436 2072 1501 2106 pro
1520 2059 1669 2094 servicio
1688 2059 1803 2093 eundo
1822 2071 1903 2093 cum
1922 2071 2051 2105 magna
2068 2060 2175 2094 comi-

1266 2122 1340 2155 tiva
1351 2127 1572 2155 armatorum
1585 2126 1620 2154 et
1634 2120 1793 2166 peditum
1808 2126 1935 2154 contra
1945 2120 2071 2154 Scotos
2080 2121 2175 2167 apud

1269 2183 1421 2222 Loueth,
1444 2182 1635 2216 Sketheres
1653 2188 1688 2215 et
1717 2181 1873 2221 Lodene,
1902 2188 1938 2216 et
1960 2181 2174 2216 Hibernicos

1264 2245 1298 2278 in
1317 2244 1464 2278 diversis
1476 2243 1635 2289 partibus
1654 2242 1845 2282 Hiberniae,
1865 2245 1977 2282 εἒ255,
1997 2243 2032 2276 in
2047 2243 2173 2288 quibus

1263 2305 1370 2339 abbas
1400 2311 1435 2338 et
1462 2310 1656 2338 conventus
1683 2304 1726 2337 de
1756 2303 2042 2349 Inchelauenagh
2064 2304 2171 2347 [lnis-

1263 2365 1419 2411 lounagh
1438 2377 1477 2399 or
1493 2365 1535 2398 de
1551 2364 1657 2398 Surio
1672 2364 1706 2397 in
1720 2364 1937 2410 Tipperary]
1959 2364 2170 2398 tenebantur

1263 2426 1521 2460 mercatoribus
1556 2426 1599 2459 de
1642 2425 1820 2459 Societate
1856 2425 2094 2459 Ricardorum
2130 2426 2172 2459 de

1268 2488 1378 2526 Luca,
1413 2493 1448 2521 et
1482 2499 1559 2532 qua?
1586 2486 1630 2519 ad
1659 2498 1781 2519 manus
1815 2485 1924 2531 Regis
1954 2486 2173 2520 devenerunt

1263 2548 1401 2582 ratione
1420 2548 1620 2582 debitorum
1640 2547 1675 2580 in
1689 2547 1814 2592 quibus
1832 2547 1937 2580 iidem
1956 2553 2173 2581 mercatores

1267 2610 1356 2655 Regi
1381 2608 1779 2643 tenebantur.”-Rot.
1802 2608 1879 2642 Pat.
1902 2610 1936 2641 11
1959 2608 2023 2642 Ed.
2045 2609 2093 2642 II.
2112 2610 2169 2645 77.

1265 2671 1432 2704 Edmund
1453 2670 1582 2704 Butler
1600 2681 1669 2703 was
1687 2675 1723 2703 at
1745 2669 1869 2714 Lodyn
1893 2680 1938 2702 on
1955 2669 2016 2703 the
2035 2669 2116 2703 lOth
2135 2671 2176 2703 of

1266 2731 1383 2777 April,
1399 2733 1498 2771 1317,
1514 2742 1559 2765 on
1573 2730 1688 2764 which
1700 2731 1778 2775 day,
1793 2730 1850 2764 for
1868 2729 2020 2764 services
2033 2731 2173 2776 against

1264 2793 1325 2827 the
1341 2794 1454 2831 Scots,
1464 2793 1508 2826 he
1522 2792 1674 2838 granted
1684 2804 1701 2825 a
1712 2792 1846 2837 pardon
1860 2796 1896 2825 to
1908 2791 2013 2825 Peter
2026 2791 2173 2837 Hughe-

1267 2854 1317 2887 lot
1336 2854 1406 2887 and
1424 2853 1697 2887 others.--Rot.
1716 2853 1793 2886 Pat.
1816 2855 1848 2885 l]
1872 2852 1937 2886 Ed.
1960 2852 2078 2891 11.·28‚
2100 2856 2155 2887 ⁴29.
