2430 3371
1174 250 1258 299 173

1108 443 1197 491 No.
1224 444 1311 490 IV.

1052 567 1153 603 Note
1171 580 1208 611 n,
1230 579 1265 616 p.
1292 577 1373 614 127.

364 643 402 680 N
405 654 513 680 AMEs
539 643 582 680 of
605 644 765 681 Persons
793 643 1016 681 summoned
1043 650 1084 680 to
1111 645 1244 681 attend
1264 644 1367 681 John
1397 645 1534 696 Darey,
1565 645 1790 696 Jusfficflary,
1821 644 1916 682 with
1942 657 2042 681 arms
2067 644 2142 681 and

285 709 414 746 horses
432 709 472 745 in
491 709 550 746 his
570 710 803 759 Expedition
822 716 862 747 to
882 709 1063 747 Scotland
1082 710 1122 746 in
1148 721 1189 759 13
1197 722 1216 759 3
1222 711 1466 761 5.—Rymer,
1488 711 1559 748 vol.
1579 712 1617 748 ii.
1638 725 1673 761 p.
1694 711 1781 760 906.

703 792 809 822 Multa
824 795 1043 827 renascentur,
1063 801 1131 830 quae
1145 793 1211 830 jam
1227 793 1383 829 cecidere,
1402 793 1579 832 cadentque

706 852 784 888 Quae
801 861 882 881 nunc
899 855 972 881 sunt
988 852 1019 880 in
1037 852 1157 881 honore
1175 852 1338 882 vocabula.

1297 912 1388 942 ΗΘΒ.
1406 912 1479 942 Art.
1500 913 1592 942 Poet.
1609 912 1663 942 70.

288 983 314 1019 J
317 995 417 1019 ames
436 982 471 1019 le
490 982 661 1026 Botffler,
683 983 774 1019 Earl
793 982 836 1018 of
851 982 1032 1019 Ormond.
1278 983 1415 1033 Henry
1434 983 1480 1020 de
1499 984 1535 1020 la
1555 984 1696 1020 Harve.

289 1049 459 1085 Maurice
472 1049 557 1085 Fitz
571 1048 744 1093 Thomas,
760 1049 851 1085 Earl
867 1049 909 1086 of
920 1047 1164 1086 Dessemond.
1277 1048 1459 1085 Edmund
1479 1049 1711 1086 Ereedeken.

291 1114 422 1151 Simon
442 1115 487 1151 de
508 1115 692 1152 Genevill.
1277 1115 1451 1151 Wssliam
1470 1115 1705 1152 Eroedeken.

290 1179 457 1216 Richard
478 1180 588 1216 Tute.
1278 1181 1382 1218 John
1402 1181 1448 1218 de
1466 1181 1728 1219 Blaunehevil.

289 1245 326 1281 N
329 1245 469 1282 ieholas
488 1245 534 1282 de
552 1245 719 1282 Verdon.
1278 1248 1443 1285 Eustace
1462 1248 1607 1285 Power.

290 1312 445 1348 Francis
466 1312 604 1361 Feypo.
1279 1314 1404 1350 David
1419 1313 1551 1351 Beket.

291 1379 428 1428 Henry
447 1378 493 1414 de
511 1378 697 1414 Vernoill.
1279 1380 1404 1429 Roger
1423 1380 1469 1417 de
1487 1380 1691 1418 Pembrok.

291 1445 457 1481 Richard
478 1444 603 1494 Tyrel.
1278 1446 1409 1495 Philip
1430 1446 1580 1482 Purcel.

290 1511 395 1547 John
414 1511 460 1547 de
480 1511 617 1560 Crany.
1278 1512 1382 1550 John
1402 1512 1594 1549 Maunsill.

290 1577 417 1614 Reiric
436 1577 520 1613 Fitz
541 1577 654 1626 Rery.
1279 1579 1406 1615 Adam
1426 1578 1471 1614 de
1491 1577 1699 1614 Loundres.

291 1643 437 1680 Jordan
457 1643 502 1679 de
522 1642 641 1679 Ardis
663 1639 870 1694 [Dardys]
1280 1644 1384 1682 John
1404 1644 1450 1681 de
1470 1645 1655 1694 Drayton.

291 1709 395 1747 John
415 1710 461 1746 de
476 1709 573 1745 Brit.
1281 1711 1434 1748 Gflbert
1452 1710 1498 1747 de
1517 1708 1832 1760 Bermyngeham.

292 1776 458 1813 Richard
477 1776 523 1812 de
542 1775 670 1811 ArdiS·
1280 1778 1385 1816 John
1404 1778 1489 1814 Fitz
1509 1778 1654 1814 Robert
1673 1777 1818 1813 Power.

293 1842 487 1879 Theobald
505 1842 551 1878 de
570 1841 755 1878 Vernoill.
1281 1845 1385 1882 John
1405 1844 1452 1881 de
1472 1844 1527 1881 St.
1550 1844 1675 1894 Obyn.

292 1909 386 1945 Milo
406 1909 452 1945 de
470 1907 638 1945 verdon.
1281 1912 1453 1949 Maurice
1472 1911 1557 1948 Fitz
1576 1911 1613 1947 N
1616 1910 1769 1947 ieholas.

292 1975 479 2012 Matthew
498 1975 543 2011 de
563 1973 673 2010 Bath.
1282 1979 1446 2015 Thomas
1465 1978 1550 2014 Fitz
1572 1977 1734 2014 Gilbert.

293 2042 424 2078 Simon
444 2041 529 2077 Fitz
550 2040 725 2076 Riehard.
1281 2044 1453 2080 Maurice
1472 2043 1556 2079 Fitz
1577 2042 1717 2091 Philip.

291 2109 394 2145 Elias
413 2108 459 2144 de
478 2106 716 2144 Assheburn.
1283 2112 1446 2149 Thomas
1466 2111 1512 2147 de
1531 2111 1634 2147 Lees.

293 2174 456 2211 Thomas
475 2173 521 2209 de
539 2173 699 2221 WOgaD·
1282 2180 1427 2216 Robert
1446 2179 1531 2215 Fitz
1550 2176 1738 2214 Matthew
1757 2175 1802 2212 de
1822 2175 2015 2211 Kaunton.

292 2241 465 2278 William
485 2240 530 2276 de
550 2239 772 2276 ROChefOI'd·
1283 2243 1425 2281 Gerald
1443 2242 1489 2278 de
1508 2239 1730 2277 Rocheford.

293 2309 424 2358 Morty
444 2307 528 2343 Fitz
549 2305 713 2343 Geraud.
1284 2311 1431 2359 George
1450 2309 1595 2345 Power.

292 2373 442 2409 Walter
462 2371 666 2408 Lenfaunt·
1283 2376 1470 2414 Matthew
1490 2375 1575 2412 Fitz
1595 2374 1741 2424 Henry.

292 2439 396 2477 John
415 2439 461 2475 de
480 2437 668 2474 Wressesle·
1284 2443 1410 2480 David
1428 2443 1513 2479 Fitz
1533 2441 1658 2478 David
1677 2440 1723 2477 de
1742 2440 1877 2490 Barry.

277 2507 441 2544 'Walter
460 2506 506 2542 de
526 2504 840 2556 Bermyngeham.
1285 2509 1422 2558 Henry
1441 2507 1487 2544 de
1505 2505 1754 2543 Maundevill.

292 2573 395 2611 John
417 2573 547 2609 Moriz·
1285 2573 1421 2611 Edmd.
1431 2573 1477 2610 de
1485 2571 1641 2609 Bourke
1650 2569 1891 2621 Abbynaght
1900 2567 2146 2620 [Albanact]

295 2640 442 2678 Gerard
460 2640 505 2675 de
526 2639 580 2675 St.
602 2637 752 2675 Mic-hel.
1285 2641 1456 2677 Herbert
1475 2639 1520 2675 de
1541 2639 1694 2676 Sutton.

293 2706 397 2744 John
417 2706 619 2743 Lenfaunt.
1285 2703 1389 2741 John
1408 2703 1454 2740 de
1474 2703 1612 2751 Cogan.

293 2775 488 2812 Laurence
508 2772 601 2810 Calf.
1285 2769 1433 2806 Robert
1453 2766 1886 2817 Sauwage.—Knights.

1991 2831 2151 2868 Irewere
