2430 3371
1154 278 1235 324 171

272 385 379 421 Edm.
400 384 446 420 de
472 383 661 427 Penbrok,
695 383 815 432 Hugh
842 385 970 435 Byset,
999 385 1114 423 Peter
1140 386 1185 423 de
1205 385 1452 429 Maundevill,
1483 387 1574 435 Rog.
1601 387 1647 423 de
1674 386 1812 423 Sancto
1840 387 1958 423 Bosco
1978 384 2112 437 [Ηοζῃ-

271 450 399 501 wood]
422 451 458 487 N
462 450 532 486 ich.
548 450 594 486 (16
615 449 819 500 Kylkenan
841 449 1068 501 [Kyltcnam
1091 451 1258 503 Lynch],
1282 453 1396 488 Walt.
1419 453 1584 502 Sarcryn
1606 450 1797 503 [Sarefyn⁷
1821 452 1987 505 Lynch],
2007 453 2109 501 IIug.

270 517 317 554 de
344 516 628 566 Balydoncnald
655 514 971 567 [Balydovonald‚
1002 517 1168 569 Lynch],
1201 519 1320 554 Henr.
1349 518 1580 567 osCloghcr,
1613 519 1746 555 31616
1766 519 1930 569 VValcyS,
1961 519 2040 555 JaC.
2069 519 2114 555 de

269 584 437 634 Ketyng,
460 583 565 620 Rich.
586 584 631 620 de
651 584 772 628 Valle,
794 585 911 621 Walt.
931 585 977 622 (16
996 586 1117 629 Valle,
1141 586 1230 621 Wil.
1251 585 1296 621 dc
1317 586 1454 622 Sancto
1476 585 1703 633 Leodcgario
1721 585 1773 622 St.
1793 586 1920 634 Legser,
1943 586 2058 622 Walt.
2081 586 2114 621 16

269 650 373 694 Bret,
404 649 495 686 Wil.
516 649 561 686 de
580 650 722 699 Burgo,
745 651 891 687 Jordan
918 651 963 688 de
982 652 1132 688 Exonia
1152 649 1341 703 [Dexter]
1372 652 1517 688 Jordan
1537 652 1582 687 (16
1603 652 1761 694 Exonia,
1792 652 1951 695 duniorg
1982 651 2111 688 Simon

267 716 406 765 Fcypo,
425 715 531 752 Rich.
547 716 578 751 Τ
581 716 648 760 aas,
666 716 756 752 Wil.
775 717 876 760 Taaf,
899 716 1002 753 John
1019 717 1048 753 F
1052 718 1103 753 itz
1119 718 1263 753 Martin
1279 718 1324 754 de
1340 717 1586 761 Maundeviil,
1604 717 1728 753 Adam
1744 717 1789 752 dv.
1810 718 1935 765 chan
1950 715 2111 766 [Logam

268 780 436 832 Lynch],
467 781 536 818 Ph.
557 781 603 818 (16
623 782 788 831 Borgnei
809 780 997 832 [Lorquei
1016 782 1183 834 Lynch],
1207 784 1304 819 Hen.
1325 784 1360 820 16
1380 784 1576 833 Flemyng,
1600 782 1703 819 John
1725 783 1897 833 Scargyll
1920 781 2112 833 [Sargyl],

269 847 362 884 Tho.
382 848 417 885 16
437 848 595 892 Taillur,
627 848 718 884 Sim.
739 849 774 885 16
795 849 957 892 Genviil,
990 849 1096 885 Rich.
1117 849 1163 885 de
1182 849 1341 893 Exonia,
1373 850 1409 885 N
1412 849 1486 898 ige]
1514 849 1549 886 16
1568 849 1689 892 Brun,
1720 848 1823 885 John
1843 849 1888 885 de
1908 849 2110 891 Staunton,

266 912 384 949 Walt.
405 912 450 949 de
470 913 581 964 Lacy,
614 912 735 962 Hugh
754 913 799 949 de
819 913 931 963 Lacy,
962 913 1065 950 John
1087 915 1203 964 Tuyt,
1235 913 1340 950 Rich.
1361 913 1427 950 fitz
1447 913 1561 957 John,
1583 914 1699 950 Walt.
1720 914 1765 950 (16
1786 915 1924 959 Cusak,
1956 915 2047 952 Tho.
2069 915 2114 951 de

267 979 514 1023 Maundevill,
546 979 666 1029 Hugh
687 981 815 1030 Byset,
846 980 956 1016 Matt.
977 980 1042 1016 fitz
1063 980 1184 1029 Hugh
1212 981 1258 1017 de
1286 980 1513 1024 Hanewode,
1544 979 1648 1017 John
1675 980 1741 1016 fitz
1768 981 1869 1017 Alan
1898 981 1943 1017 de
1972 981 2111 1030 Logan,

267 1045 361 1081 Milo
380 1045 426 1081 (16
441 1046 625 1090 Eldoune,
648 1045 751 1082 John
766 1046 912 1089 Talbot‚
935 1046 1042 1082 Rich.
1062 1047 1096 1082 16
1117 1046 1269 1095 Savage,
1285 1046 1375 1082 Wil.
1394 1046 1487 1090 Calfi
1509 1046 1611 1082 Alan
1631 1046 1676 1082 de
1696 1046 1826 1082 Insula
1840 1044 1992 1098 [Lisle],
2010 1046 2112 1084 John

267 1110 313 1146 de
340 1111 521 1161 Bonevyi,
554 1111 650 1148 Galf.
681 1110 716 1147 le
746 1111 849 1154 Bret,
881 1110 1012 1159 Regin.
1034 1111 1181 1155 Russel,
1213 1110 1282 1147 Ph.
1313 1111 1509 1155 Cristofre,
1540 1111 1634 1147 Milo
1661 1111 1706 1148 de
1740 1112 1877 1163 Curcy,
1909 1113 2018 1149 Nich.
2048 1113 2113 1149 fitz

268 1177 447 1221 Maurice,
481 1177 627 1226 George
654 1177 700 1213 de
727 1177 838 1225 Rupe
858 1175 1028 1228 [Roehe],
1060 1177 1150 1214 Wil.
1171 1177 1217 1215 de
1237 1178 1357 1227 Rupe,
1388 1177 1493 1214 John
1512 1177 1577 1214 fitz
1599 1177 1761 1214 Thomas
1782 1179 1978 1229 Lengleys,
2010 1179 2112 1216 John

266 1244 395 1293 Byset,
418 1243 519 1279 Alan
538 1243 604 1279 fitz
624 1243 770 1286 Warin,
792 1243 882 1279 Wil.
904 1244 1033 1293 Byset,
1064 1243 1171 1280 Rich.
1193 1243 1446 1294 Slemeryche,
1467 1244 1562 1281 Milo
1581 1244 1626 1281 de
1646 1244 1828 1289 Swerdes,
1858 1246 1962 1282 Hub.
1984 1246 2112 1297 Byset,

270 1310 374 1347 Hub.
395 1310 430 1347 16
449 1310 614 1360 Waleys,
637 1309 741 1346 John
760 1309 806 1346 de
826 1310 1032 1359 Langeton,
1054 1310 1158 1347 John
1178 1310 1398 1361 Pyngebek.

1086 1659 1177 1706 No.
1208 1659 1296 1705 ΙΙΙ.

1001 1783 1070 1821 See
1089 1788 1178 1820 note
1197 1784 1221 1827 i,
1245 1797 1281 1833 p.
1298 1783 1357 1832 83.

348 1863 439 1900 REX
458 1863 606 1900 dilectis
624 1869 663 1900 et
681 1862 858 1901 fidelibus
878 1863 956 1900 suis
977 1863 1129 1907 Justic',
1153 1863 1385 1900 Cancellario
1405 1868 1443 1900 et
1459 1862 1711 1900 Thesaurario
1731 1864 1809 1901 suis
1830 1864 1992 1901 Hibern’
2009 1864 2117 1902 Salu-

269 1936 356 1966 tem.
412 1930 474 1966 Ex
493 1935 601 1979 parte
618 1930 752 1979 populi
770 1930 892 1969 nostri
912 1935 1013 1966 terre
1024 1929 1194 1979 predicte
1208 1943 1275 1979 per
1290 1929 1516 1979 peticionem
1529 1943 1636 1966 suam
1651 1943 1775 1966 coram
1790 1932 1897 1967 nobis
1910 1938 1948 1968 et
1963 1932 2118 1968 consilio

270 2002 400 2033 nostro
419 1996 632 2033 exhibitam
651 1996 760 2033 nobis
780 2002 837 2035 est
855 2009 943 2033 cum
962 1995 1150 2033 instancia
1177 1996 1436 2045 supplicatum
1456 1996 1558 2045 quod
1577 2009 1664 2033 cum
1683 1997 1723 2032 in
1742 1996 1845 2033 terra
1864 1997 1929 2034 illa
1948 1997 2011 2034 lex
2030 1998 2117 2034 talis

269 2062 467 2107 habeatur,
496 2063 673 2100 videlicet
692 2062 794 2112 quod
813 2062 1003 2112 Anglicus
1023 2063 1069 2099 de
1087 2068 1210 2099 morte
1230 2063 1398 2112 Anglici‚
1429 2063 1640 2108 latrocinio,
1667 2063 1841 2100 incendio
1860 2064 1919 2100 vel
1938 2064 2117 2113 depreda—

268 2128 374 2165 cione
393 2129 657 2178 cujuscunque
675 2128 741 2173 rei,
761 2129 929 2165 valorem
948 2128 1005 2164 xii
1024 2128 1267 2165 denariorum
1283 2134 1321 2165 et
1340 2128 1457 2165 unius
1472 2129 1573 2165 oboli
1592 2129 1816 2179 attingentis
1828 2130 1889 2166 vel
1902 2130 2117 2167 excedentis

267 2195 475 2239 convictus,
506 2195 689 2231 ultimum
709 2195 942 2244 supplicium
961 2195 1091 2231 subire
1110 2195 1263 2239 debeam
1294 2195 1528 2231 Hibernicus
1546 2208 1636 2232 vero
1655 2195 1701 2232 (16
1719 2202 1841 2232 morte
1860 2196 2027 2244 Anglici,
2057 2197 2118 2233 vel

268 2260 442 2297 incendio
472 2260 669 2297 convictus
695 2260 795 2297 idem
820 2261 994 2310 paciatur
1008 2260 1211 2309 judicium,
1243 2266 1299 2297 set
1319 2261 1552 2298 Hibernicus
1578 2261 1624 2298 de
1642 2261 1840 2298 latrocinio
1859 2261 1919 2298 vel
1938 2261 2116 2311 depreda-

267 2327 374 2363 cione
392 2326 607 2375 cuicunque
626 2327 791 2376 Anglico
810 2327 870 2364 vel
890 2327 1098 2363 Hibernico
1117 2327 1216 2364 facto
1234 2327 1432 2364 convictus
1451 2327 1497 2364 ad
1511 2328 1749 2364 voluntatem
1768 2328 1828 2364 sui
1843 2328 1984 2376 judicis
2003 2329 2117 2365 relin-

269 2393 338 2442 qui
357 2393 452 2430 solet
476 2393 730 2438 redimendus,
761 2393 821 2430 vel
840 2393 979 2429 ultimo
999 2393 1186 2442 supplicio
1205 2393 1559 2443 condempnandus3
1588 2407 1655 2443 per
1675 2407 1788 2442 quam
1809 2394 1962 2442 quidem
1981 2395 2112 2444 legem,

269 2459 362 2496 dum
374 2459 415 2495 in
427 2458 531 2495 terra
542 2458 713 2508 predicta
726 2459 894 2508 legitime
912 2459 990 2495 fuit
1009 2460 1217 2503 observata,
1240 2460 1361 2496 crevit
1379 2460 1545 2509 populus
1560 2460 1798 2509 Anglicanus
1812 2460 1952 2497 ibidem
1964 2467 2002 2497 et
2016 2462 2115 2497 mul-

267 2525 526 2574 tiplicabatur,
537 2525 862 2574 possessionesque
874 2531 912 2562 et
923 2525 1105 2562 terminos
1117 2525 1250 2562 matris
1263 2526 1429 2562 Ecclesie
1441 2526 1615 2563 dilatavit
1633 2526 1773 2563 ibidem
1784 2541 1792 2569 ς
1813 2533 2015 2575 postquam
2026 2540 2116 2564 vero

268 2592 410 2629 Justic’
430 2591 601 2640 parcium
629 2591 783 2628 illarum
810 2592 1079 2628 auctoritatem
1107 2592 1180 2629 sibi
1209 2598 1411 2636 sumentes,
1441 2598 1604 2629 rectatos
1632 2593 1678 2629 de
1695 2593 1842 2629 feloniis
1862 2606 1930 2642 pro
1955 2594 2113 2639 modico,

268 2658 471 2707 aliquando
490 2670 559 2707 pro
578 2657 729 2702 nichilo,
759 2658 895 2695 redimi
913 2658 1097 2702 fecerunt,
1120 2665 1158 2695 et
1172 2659 1459 2708 permittebant,
1488 2659 1676 2703 videlicet,
1706 2660 1886 2709 capiendo
1905 2674 1973 2710 pro
1992 2668 2114 2699 morte

268 2724 426 2774 Anglici
452 2722 610 2761 felonice
638 2724 841 2768 interfecti,
871 2724 1141 2773 depredacione
1167 2731 1205 2762 et
1231 2725 1439 2769 latrocinio,
1470 2732 1624 2762 centum
1643 2727 1829 2763 librarum
1850 2725 2033 2779 [libras?]
2054 2729 2114 2766 vel

267 2797 433 2835 centum,
455 2790 717 2840 quadraginta,
735 2790 795 2827 vel
809 2790 960 2840 viginti,
982 2790 1189 2828 solidorum
1204 2789 1383 2843 [solidos]
1398 2791 1509 2841 cujus
1521 2798 1705 2843 pretextu
1716 2792 1908 2830 maleficiis
1922 2791 2114 2843 [malefac-

1150 2855 1183 2897 Z
1199 2870 1222 2899 2
1914 2860 2064 2897 toribus
2073 2858 2112 2910 ?]
